@article{Jaakkola,
	title={Bayesian parameter estimation via variational methods},
	author={Jaakkola, Tommi S and Jordan, Michael I},
	journal={Statistics and Computing},
	volume={10},
	number={1},
	pages={25--37},
	year={2000},
	publisher={Springer}
}

@inproceedings{seeger,
	title={Fast variational Bayesian inference for non-conjugate matrix factorization models},
	author={Seeger, Matthias and Bouchard, Guillaume},
	booktitle={Artificial Intelligence and Statistics},
	pages={1012--1018},
	year={2012}
}

@inproceedings{titsias2011spike,
	title={Spike and slab variational inference for multi-task and multiple kernel learning},
	author={Titsias, Michalis K and L{\'a}zaro-Gredilla, Miguel},
	booktitle={Advances in neural information processing systems},
	pages={2339--2347},
	year={2011}
}

@article{bishop2006pattern,
	title={Pattern recognition},
	author={Bishop, Christopher M},
	journal={Machine Learning},
	volume={128},
	pages={1--58},
	year={2006}
}

@book{basilevsky2009statistical,
	title={Statistical factor analysis and related methods: theory and applications},
	author={Basilevsky, Alexander T},
	volume={418},
	year={2009},
	publisher={John Wiley \& Sons}
}


@inproceedings{virtanen2012bayesian,
	title={Bayesian group factor analysis},
	author={Virtanen, Seppo and Klami, Arto and Khan, Suleiman and Kaski, Samuel},
	booktitle={Artificial Intelligence and Statistics},
	pages={1269--1277},
	year={2012}
}

@article{klami2015group,
	title={Group factor analysis},
	author={Klami, Arto and Virtanen, Seppo and Lepp{\"a}aho, Eemeli and Kaski, Samuel},
	journal={IEEE transactions on neural networks and learning systems},
	volume={26},
	number={9},
	pages={2136--2147},
	year={2015},
	publisher={IEEE}
}

@article{bunte2016sparse,
	title={Sparse group factor analysis for biclustering of multiple data sources},
	author={Bunte, Kerstin and Lepp{\"a}aho, Eemeli and Saarinen, Inka and Kaski, Samuel},
	journal={Bioinformatics},
	volume={32},
	number={16},
	pages={2457--2463},
	year={2016},
	publisher={Oxford Univ Press}
}

@article{love2014moderated,
	title={Moderated estimation of fold change and dispersion for RNA-seq data with DESeq2},
	author={Love, Michael I and Huber, Wolfgang and Anders, Simon},
	journal={Genome biology},
	volume={15},
	number={12},
	pages={550},
	year={2014},
	publisher={BioMed Central}
}

@article{khan2014identification,
	title={Identification of structural features in chemicals associated with cancer drug response: a systematic data-driven analysis},
	author={Khan, Suleiman A and Virtanen, Seppo and Kallioniemi, Olli P and Wennerberg, Krister and Poso, Antti and Kaski, Samuel},
	journal={Bioinformatics},
	volume={30},
	number={17},
	pages={i497--i504},
	year={2014},
	publisher={Oxford Univ Press}
}

@article{zhao2016bayesian,
	title={Bayesian group factor analysis with structured sparsity},
	author={Zhao, Shiwen and Gao, Chuan and Mukherjee, Sayan and Engelhardt, Barbara E},
	journal={Journal of Machine Learning Research},
	volume={17},
	number={196},
	pages={1--47},
	year={2016}
}


@article{hore2016tensor,
	title={Tensor decomposition for multiple-tissue gene expression experiments},
	author={Hore, Victoria and Vi{\~n}uela, Ana and Buil, Alfonso and Knight, Julian and McCarthy, Mark I and Small, Kerrin and Marchini, Jonathan},
	journal={Nature Genetics},
	volume={48},
	number={9},
	pages={1094--1100},
	year={2016},
	publisher={Nature Research}
}
